<record><leader>00000cas a2200000 a 4500</leader><controlfield tag="001">12818386</controlfield><controlfield tag="008">851119d19031972kyuwr ne      0    0eng d</controlfield><datafield ind1=" " ind2=" " tag="010"><subfield code="a">sn 85052152 </subfield></datafield><datafield ind1=" " ind2=" " tag="040"><subfield code="a">KNP</subfield><subfield code="b">eng</subfield><subfield code="c">KNP</subfield><subfield code="d">OCL</subfield><subfield code="d">OCLCQ</subfield><subfield code="d">KYUBL</subfield><subfield code="d">OCLCQ</subfield><subfield code="d">OCLCF</subfield><subfield code="d">OCLCO</subfield></datafield><datafield ind1="1" ind2=" " tag="029"><subfield code="a">AU@</subfield><subfield code="b">000021635636</subfield></datafield><datafield ind1="1" ind2=" " tag="029"><subfield code="a">AU@</subfield><subfield code="b">000044353226</subfield></datafield><datafield ind1=" " ind2=" " tag="042"><subfield code="a">msc</subfield></datafield><datafield ind1=" " ind2=" " tag="043"><subfield code="a">n-us-ky</subfield></datafield><datafield ind1="0" ind2=" " tag="130"><subfield code="a">Tribune-democrat (Benton, Ky.)</subfield></datafield><datafield ind1="1" ind2="4" tag="245"><subfield code="a">The tribune-democrat.</subfield></datafield><datafield ind1=" " ind2=" " tag="260"><subfield code="a">Benton, Ky. :</subfield><subfield code="b">Democrat Pub. Co.,</subfield><subfield code="c">-1972.</subfield></datafield><datafield ind1=" " ind2=" " tag="300"><subfield code="a">v. :</subfield><subfield code="b">ill.</subfield></datafield><datafield ind1=" " ind2=" " tag="310"><subfield code="a">Weekly</subfield></datafield><datafield ind1="1" ind2=" " tag="362"><subfield code="a">Began in 1903?</subfield></datafield><datafield ind1="0" ind2=" " tag="362"><subfield code="a">-v. 84, no. 33 (Jan. 12, 1972).</subfield></datafield><datafield ind1=" " ind2=" " tag="588"><subfield code="a">Description based on: Vol. 17, no. 39 (Feb. 17, 1905).</subfield></datafield><datafield ind1=" " ind2="0" tag="651"><subfield code="a">Benton (Ky.)</subfield><subfield code="v">Newspapers.</subfield></datafield><datafield ind1=" " ind2="0" tag="651"><subfield code="a">Marshall County (Ky.)</subfield><subfield code="v">Newspapers.</subfield></datafield><datafield ind1=" " ind2="7" tag="655"><subfield code="a">Newspapers.</subfield><subfield code="2">fast</subfield><subfield code="0">(OCoLC)fst01423814</subfield></datafield><datafield ind1=" " ind2="7" tag="651"><subfield code="a">Kentucky</subfield><subfield code="z">Benton.</subfield><subfield code="2">fast</subfield><subfield code="0">(OCoLC)fst01222237</subfield></datafield><datafield ind1=" " ind2="7" tag="651"><subfield code="a">Kentucky</subfield><subfield code="z">Marshall County.</subfield><subfield code="2">fast</subfield><subfield code="0">(OCoLC)fst01205355</subfield></datafield><datafield ind1=" " ind2=" " tag="752"><subfield code="a">United States</subfield><subfield code="b">Kentucky</subfield><subfield code="c">Marshall</subfield><subfield code="d">Benton.</subfield></datafield><datafield ind1="0" ind2="4" tag="780"><subfield code="t">Benton tribune</subfield><subfield code="w">(DLC)sn 85052186</subfield></datafield><datafield ind1="0" ind2="4" tag="780"><subfield code="t">Democrat</subfield></datafield><datafield ind1="0" ind2="5" tag="780"><subfield code="t">Calvert news</subfield><subfield code="g">Nov. 1970</subfield></datafield><datafield ind1="0" ind2="7" tag="785"><subfield code="t">Marshall courier</subfield><subfield code="w">(DLC)sn 85052154</subfield></datafield><datafield ind1="0" ind2="7" tag="785"><subfield code="t">Tribune-courier (Benton, Ky. : 1972)</subfield><subfield code="w">(DLC)sn 85052156</subfield></datafield></record>